%%%%%%%%%%%%%%%%%%%%%%%%%%%%%%%%%%%%%%%%%%%%%%%%%%%%%%%%%%%%%%%%
%% REFERENZEN
%%%%%%%%%%%%%%%%%%%%%%%%%%%%%%%%%%%%%%%%%%%%%%%%%%%%%%%%%%%%%%%%


@online{TexNic,
	title = {Texnic Center},
	date = {\today},
	url = {http://www.texniccenter.org},

}

@online{MikTeX,
	title = {MikTeX},
	date = {\today},
	url = {http://www.miktex.org},
	
}

@online{TeXStudio,
	title = {TeXStudio},
	date = {\today},
	url = {https://www.texstudio.org/},
	
}

@online{BibliographyLaTeX,
	title = {Bibliography Management LaTeX},
	date = {\today},
	url = {https://en.wikibooks.org/wiki/LaTeX/Bibliography_Management},
	
}

